@misc{hookingSample,
    title={API hooking revealed},
    author={Ivo Ivanov},
    year={2002},
    howpublished = "https://www.codeproject.com/Articles/2082/API-hooking-revealed"

}

@misc{detours,
    title={Microsoft Research Detours Package Overview},
    author={Microsoft},
    year={2020},
    howpublished = "https://github.com/microsoft/Detours/wiki"
}

@misc{hooking2,
    title={API Hooking with MS Detours},
    author={Alex Abramov},
    year={2008},
    howpublished= "https://www.codeproject.com/Articles/30140/API-Hooking-with-MS-Detours"
}

@misc{winAPI,
    title={Quick Introduction to Windows API},
    author={Andrew Steane},
    year={2009},
    howpublished={https://users.physics.ox.ac.uk/~Steane/cpp_help/winapi_intro.htm}


}